@book{dsc, 
    author = {Abraham Silberschatz and Henry F. Korth and S. Sudarshan},
    title = {Database System Concepts, 6th Edition},
    year = {2011},
    isbn = {978-0-07-352332-3},
    publisher = {McGraw Hill}
}

@book{fds,
    author = {Ramez Elmasri and Shamkant B. Navathe},
    title = {Fundamentals of Database Systems, 6th Edition},
    year = {2011},
    isbn = {978-0-136-08620-8},
    publisher = {Addison-Wesley}
}

